@misc{website:KendalltauCalculation,     
      title = "Kendall tau Calculation",
      howpublished = "http://math.stackexchange.com/questions/462818/kendall-tau-calculation"
}
@misc{website:CalculatingPvalues,     
      title = "Calculating P values",
      howpublished = "http://www.cyclismo.org/tutorial/R/pValues.html"
}
@misc{website:MathematicalExpressions,     
      title = "Mathematical Expressions in Latex",
      howpublished = "https://www.sharelatex.com/learn/Mathematical\_expressions"
}
@misc{website:CheckPageRank,     
      title = "Check Page Rank of Web site",
      howpublished = "http://www.prchecker.info/check\_page\_rank.php"
}
@misc{website:MeasureofassociationinR,     
      title = "Measure of association in R - Kendall's tau-b",
      howpublished = "http://www.prchecker.info/check\_page\_rank.php"
}
@misc{website:PageRank,     
      title = "Page Rank Check",
      howpublished = "http://www.seocentro.com/tools/search-engines/pagerank.html"
}
@misc{website:Kendalltau,     
      title = "Kendall tau rank correlation",
      howpublished = "http://en.wikipedia.org/wiki/Kendall\_tau\_rank\_correlation\_coefficient\#Tau-b"
}





