@misc{website:CommunityDetectionInGraphs,     
      title = "Algoriths fro Community Detection in Graphs",
      howpublished = "http://stackoverflow.com/questions/5822265/are-there-implementations-of-algorithms-for-community-detection-in-graphs"
}
@misc{website:VariousCommunityDetectionAlgorithm,     
      title = "Various Community Detection Algorithm",
      howpublished = "http://stackoverflow.com/questions/9471906/what-are-the-differences-between-community-detection-algorithms-in-igraph/9478989\#9478989"
}
@misc{website:KarateNetwork,     
      title = "Karate Network",
      howpublished = "http://rstudio-pubs-static.s3.amazonaws.com/16513\_2f2f84a794a64c19a086a4ec3123f889.html
"
}
@inbook{Zachary'sKarateClub,
	author	= "Wayne W. Zachary",
	title	= "An Information Flow Model for Conflict and Fission in Small Groups",
	chapter	= "33",
	pages	= "452-473",
	publisher= "Journal of Anthropological Research",
	year	= "1977"
}
@misc{website:RigraphManual,
      author = "Gabor Csardi",
      title = "R igraph manual pages",
      month = "november",
      year = "2013",
      url = "http://igraph.org/r/doc/write.graph.html"
}

@misc{website:ZacharyDataset,     
      title = "Zachary Dataset",
      howpublished = "http://www.casos.cs.cmu.edu/computational\_tools/datasets/external/karate/index11.php"
}




