@misc{website:sortDictonaryByValue,     
      title = "Sort Dictionary by Value",
      howpublished = "http://stackoverflow.com/questions/16772071/sort-dict-by-value-python"
}

@inbook{PythonCookBook,
	author	= "Cyrille Rossant",
	title	= "IPython CookBook",
	chapter	= "6.4",
	pages	= "223-238",
	publisher= "Packt Publishers",
	year	= "2014"
}

@misc{website:NetworkX,
      author = "Sphinx theme ",
      title = "NetworkX documentation",
      month = "november",
      year = "2014",
      url = "https://networkx.github.io/documentation/latest/reference/generated/networkx.readwrite.json\_graph.node\_link\_graph.html"
}


@misc{website:ForcedGraph,     
      title = "Force Directed Graph with Mouseover",
      howpublished = "http://bl.ocks.org/mbostock/2706022"
}
@misc{website:LabeledForceLayout,     
      title = "Labeled Force Layout",
      howpublished = "http://bl.ocks.org/mbostock/950642"
}



