@misc{website:PythonSortFuntion,     
      title = "Python Sort Function",
      howpublished = "http://stackoverflow.com/questions/13501088/python-sorted-function-with-user-defined-cmp-functions"
}

@inbook{ProgrammingCollectiveIntelligence ,
	author	= "Toby Segaran",
	title	= "Programming Collective Intelligence ",
	chapter	= "2",
	pages	= "120-134",
	publisher= "O'Reilly Media",
	year	= "2007"
}

@misc{website:SortaPythondictionarybyvalue,     
      title = "Sort a Python dictionary by value",
      howpublished = "http://stackoverflow.com/questions/613183/sort-a-python-dictionary-by-value"
}

@misc{website:recommendations.py,     
      title = "recommendations.py",
      howpublished = "https://github.com/cataska/programming-collective-intelligence-code/blob/master/chapter2/recommendations.py"
}

@misc{website:IndexDatasetsMovielens/,     
      title = "Index of /datasets/movielens/",
      howpublished = "http://files.grouplens.org/datasets/movielens/ml-100k/"
}