@misc{website:BeautifulSoup,     
      title = "BeautifulSoup Documentation",
      howpublished = "http://www.crummy.com/software/BeautifulSoup/bs4/doc/"
}
@misc{website:Urllib2,     
      title = "How to fetch Internet Resources Using urllib2",
      howpublished = "https://docs.python.org/2/howto/urllib2.html"
}
@misc{website:TheBowtiegraph,     
      title = "The web Graph",
      howpublished = "http://nlp.stanford.edu/IR-book/html/htmledition/the-web-graph-1.html"
}
@misc{website:ThestructureofWeb,
      title="Graph Strducture in the Web",
      author="Andrei Broder1,Ravi Kumar2,Farzin Maghoul1",
      howpublished = "http://www9.org/w9cdrom/160/160.html"
}
@inbook{Xinbook,
	author	= "David Easley and Jon Kleinberg",
	title	= "Networks, Crowds, and Markets: Reasoning about           a Highly Connected World",
	chapter	= "13",
	pages	= "375-396",
	publisher= "Cambridge University Press",
	year	= "2010"
	
}