@book{pci,
	Address = {O'Reilly Media, Inc., 1005 Gravenstein Highway North, Sebastopol, CA 95472},
	Author = {Toby Segaran},
	Date-Added = {2013-12-04 14:44:08 +0000},
	Date-Modified = {2013-12-04 14:51:59 +0000},
	Edition = {First},
	Editor = {Mary Treseler O'Brien},
	Month = {August},
	Publisher = {O'Reilly},
	Read = {0},
	Title = {Programming Collective Intelligence},
	Year = {2007}
    }
    
http://en.wikipedia.org/wiki/Tf%E2%80%93idf

@misc{website:TFIDF,     
      title = "TFIDF",
      howpublished = "http://en.wikipedia.org/wiki/Tf%E2%80%93idf"
}

@misc{website:UniCodePythonDocumentation,     
      title = "UniCode Documentation",
      howpublished = "https://docs.python.org/2/howto/unicode.html"
}

@misc{website:OnlineXmlViewer,     
      title = "Online XML Viewer",
      howpublished = "http://xmlgrid.net/"
}


@misc{website:FeedParser,     
      title = "FeedParser Documentation",
      howpublished = "http://pythonhosted.org//feedparser/"
}

@misc{website:UsingFeedParser,     
      title = "Using FeedParser in Python",
      howpublished = "http://www.pythonforbeginners.com/feedparser/using-feedparser-in-python"
}
