@misc{website:FacebookAccessToken,     
      title = "How to get Facebook access token",
      howpublished = "http://stackoverflow.com/questions/16739894/how-to-get-facebook-access-token-using-python-library"
}


@inbook{tweepyDocumentation,
	author	= "Joshua Roesslein",
	title	= "tweepyDocumentation",
	chapter	= "1",
	pages	= "3-4",
	publisher= "",
	year	= "2014"
}

@misc{website:FacebookApiExample,     
      title = "Facebook API example",
      howpublished = "http://stackoverflow.com/questions/11510850/python-facebook-api-need-a-working-example"
}

@misc{website:UsingGraphApi,     
      title = "Using Graph API",
      howpublished = "https://developers.facebook.com/docs/graph-api/using-graph-api/v2.1"
}
@misc{website:QuotationMarks,     
      title = "Quatation Marks",
      howpublished = "http://www.maths.tcd.ie/~dwilkins/LaTeXPrimer/QuotDash.html"
}
@misc{website:FacebookAPI,     
      title = "Facebook API",
      howpublished = "http://stackoverflow.com/questions/12676634/python-facebook-api-showing-invalid-token"
}
@misc{website:FacebookGraphAPI ,     
      title = "Facebook Graph API",
      howpublished = "https://developers.facebook.com/bugs/356511554434996"
}
@misc{website:readthedocs,
      author = "Johannes Gorset",
      title = "Facepy Graph API",
      month = "november",
      year = "2011",
      url = "http://facepy.readthedocs.org/en/latest/usage/graph-api.html"
},


