@misc{website:InsertingAndLabellingFigures,     
      title = "Inserting and Labelling Figures",
      howpublished = "http://www.stat.berkeley.edu/~paciorek/computingTips/Inserting\_labelling\_figures.html"
}
@misc{website:InsertingPdfFile,     
      title = "Inserting a pdf file in latex",
      howpublished = "http://stackoverflow.com/questions/2739159/inserting-a\-pdf-file-in-latex"
}
@misc{website:BasicDateandTimeTypes,     
      title = "Basic Date and Time Types",
      howpublished = "https://docs.python.org/2/library/datetime.html"
}
@misc{website:Graphviz,     
      title = "Graph Visualization Software",
      howpublished = "http://www.graphviz.org/content/dot-language"
}
@misc{website:GraphVizDotFormat,     
      title = "GraphViz DOT Format",
      howpublished = "https://gephi.github.io/users/supported-graph-formats/graphviz-dot-format/"
}
@misc{website:GraphVisualizationSoftware,     
      title = "Graph Visualization Software",
      howpublished = "http://www.graphviz.org/content/unix"
}






